@book{aiw,
    title = "Haar Cascades, Explained",
    author = "Lewis Carroll",
    publisher = "George MacDonald",
    year = 1865
}

@misc{OpenCV,
  author       = "{Nuttakan Chuntra}",
  howpublished = "\url{https://medium.com/@nut.ch40/opencv-คืออะไร-8771e2a4c414}",
  title        = {{OpenCV คืออะไร?}},
  note         = "[ออนไลน์; สืบค้นเมื่อวันที่ 5 ธันวาคม 2564]" ,
  month        = "ธันวาคม",
  year         = "2561"
}

@misc{Image,
  author       = "{Navapat Jesadapatrakul}",
  howpublished = "\url{https://medium.com/tni-university/image-processing-981c65c26289}",
  title        = {{Image Processing}},
  note         = "[ออนไลน์; สืบค้นเมื่อวันที่ 24 ธันวาคม 2564 ]",
  month        = "ตุลาคม",
  year         = "2562"
}

@misc{PDPA,
  author       = "{Wikipedia contributors}",
  howpublished = "\url{https://th.wikipedia.org/w/index.php?title=พระราชบัญญัติคุ้มครองข้อมูลส่วนบุคคล_พ.ศ._2562&oldid=10437771}",
  title        = {{พระราชบัญญัติคุ้มครองข้อมูลส่วนบุคคล พ.ศ. 2562}},
  note         = "[ออนไลน์; สืบค้นเมื่อวันที่ 10 ธันวาคม 2564 ]",
  month        = "พฤศจิกายน",
  year         = "2565"
}

@misc{ Http,
    author = "{Tanabodin Kamol}",
    howpublished = "\url{https://medium.com/icreativesystems/basic-http-3a2b05e5aa19}",
    note = "[ออนไลน์; สืบค้นเมื่อวันที่ 10 ธันวาคม 2564]",
    title = "Basic HTTP",
    month   = "พฤศจิกายน",
    year = "2562"
}

@misc{ PI,
    author = "{Wikipedia contributors}",
    title = "Raspberry Pi --- {Wikipedia}{,} The Free Encyclopedia",
    month   = "ธันวาคม",
    year = "2565",
    howpublished = "\url{https://en.wikipedia.org/w/index.php?title=Raspberry_Pi&oldid=1126331603}",
    note = "[ออนไลน์; สืบค้นเมื่อวันที่ 12 ธันวาคม 2565]"
}

@misc{ REST,
    author = "{Sakul Montha}",
    title = "REST กับ RESTful API ต่างกันนะรู้ยัง",
    month   = "มกราคม",
    year = "2562",
    howpublished = "\url{https://iamgique.medium.com/restful-api-กับ-rest-api-ต่างกันนะรู้ยัง-2c70c42990e3}",
    note = "[ออนไลน์; สืบค้นเมื่อวันที่ 18 มกราคม 2565]"
}

@misc{ DEEP,
    author = "{phusitsom | zerohika}",
    title = "พื้นฐาน Deep Learning (ทฤษฎี): Intro",
    month   = "เมษายน",
    year = "2563",
    howpublished = "\url{https://phusitsom.medium.com/พื้นฐาน-deep-learning-ทฤษฎี-intro-7479d961cfe7}",
    note = "[ออนไลน์; สืบค้นเมื่อวันที่ 10 กุมภาพันธ์ 2565]"
}

@misc{ Tkinter,
    author = "{Digitalschool.club}",
    title = "พื้นฐานการใช้โมดูล tkinter สำหรับ Graphical User Interface",
    month   = "เมษายน",
    year = "2560",
    howpublished = "\url{http://www.digitalschool.club/elearningcom/elearning/python/lesson9/index.php}",
    note = "[ออนไลน์; สืบค้นเมื่อวันที่ 28 พฤศจิกายน 2565]"
}

@misc{ GUI,
    author = "{Wikipedia contributors}",
    title = "Graphical user interface --- {Wikipedia}{,} The Free Encyclopedia",
    month   = "ธันวาคม",
    year = "2565",
    howpublished = "\url{https://en.wikipedia.org/w/index.php?title=Graphical_user_interface&oldid=1122648120}",
    note = "[ออนไลน์; สืบค้นเมื่อวันที่ 20 พฤศจิกายน 2565]"
  }

@misc{ Mediapipe,
    author = "{Sertis}",
    title = "MediaPipe Holistic อุปกรณ์ที่สามารถจับการเคลื่อนไหวของใบหน้า มือ และท่าทางได้ในเวลาเดียวกัน",
    month   = "มกราคม",
    year = "2564",
    howpublished = "\url{https://sertiscorp.medium.com/mediapipe-holistic-อุปกรณ์ที่สามารถจับการเคลื่อนไหวของใบหน้า-มือ-และท่าทางได้ในเวลาเดียวกัน-e1185469e111}",
    note = "[ออนไลน์; สืบค้นเมื่อวันที่ 1 ธันวาคม 2565]"
}

@techreport{amos2016openface,
  title={OpenFace: A general-purpose face recognition
    library with mobile applications},
  author={Amos, Brandon and Bartosz Ludwiczuk and Satyanarayanan, Mahadev},
  year={2016},
  institution={CMU-CS-16-118, CMU School of Computer Science},
}